@Article{markowitz1,
  author =	"H. Markowitz",
  title =	"Portfolio selection",
  journal =	"Journal of Finance",
  volume =	"7",
  year = 	"1952",
  pages =	"77-91",
}

@MISC{roberts06,
    author = {M. Roberts},
    title = {Harnessing Algorithm Bias A Study of Selection Strategies and Evaluation for Portfolios of Algorithms},
    year = {2006}
}

@article{rice76,
  author    = {J. R. Rice},
  title     = {The Algorithm Selection Problem},
  journal   = {Advances in Computers},
  volume    = {15},
  year      = {1976},
  pages     = {65-118},
}

@article{smith09,
 author = {K. A. Smith-Miles},
 title = {Cross-disciplinary perspectives on meta-learning for algorithm selection},
 journal = {ACM Computing Surveys},
 volume = {41},
 month = {January},
 year = {2009},
 pages = {1-25},
 articleno = {6},
 numpages = {25},
} 

@ARTICLE{gaglioloschmidhuber06,
    author = {M. Gagliolo and J. Schmidhuber},
    title = {Learning dynamic algorithm portfolios},
    journal = {Annals of Mathematics and Artificial Intelligence},
    year = {2006},
    volume = {47},
    pages = {3-4}
}

@article{gomesselman97,
 author = {C. P. Gomes and B. Selman},
 title = {Algorithm portfolios},
 journal = {Artificial Intelligence},
 volume = {126},
 month = {February},
 year = {2001},
 pages = {43-62},
} 

@INPROCEEDINGS{fukunaga99,
author={A.S. Fukunaga},
booktitle={Proceedings of the 2000 Congress on Evolutionary Computation}, 
title={Genetic algorithm portfolios},
year={2000},
volume={2},
pages={1304 - 1311},
}

@inproceedings{kautz02,
  author    = {H. A. Kautz and E. Horvitz and Y. Ruan and C. P. Gomes and B. Selman},
  title     = {Dynamic Restart Policies},
  booktitle = {Proceedings of the 18th National Conference on Artificial Intelligence},
  year      = {2002},
  pages     = {674-681},
}

@inproceedings{gaglioloschmidhuber07,
  author    = {M. Gagliolo and J. Schmidhuber},
  title     = {Learning Restart Strategies},
  booktitle = {Proceedings of the 20th International Joint Conference on Artificial Intelligence},
  year      = {2007},
  pages     = {792-797},
}

@ARTICLE {huberman97,
 AUTHOR = "B. A. Huberman and R. M. Lukose and T. Hogg",
 TITLE = "An Economics Approach to Hard Computational Problems",
 JOURNAL = "Science",
 VOLUME = "275",
 PAGES = "51-54",
 MONTH = "January",
 YEAR = "1997"}

@CONFERENCE{gagliolo08,
  author = {M. Gagliolo and J. Schmidhuber},
  title = {Towards Distributed Algorithm Portfolios},
  booktitle = {International Symposium on Distributed Computing and Artificial Intelligence},
  publisher = {Springer},
  series = {Advances in Soft Computing},
  volume = {50},
  pages = {634-643},
  year = {2008},
}

@article{guyon03,
 author = {I. Guyon and A. Elisseeff},
 title = {An introduction to variable and feature selection},
 journal = {Journal of Machine Learning Research},
 volume = {3},
 month = {March},
 year = {2003},
 pages = {1157-1182},
 numpages = {26}
} 

@inproceedings{kira92,
  author    = {K. Kira and L. A. Rendell},
  title     = {The Feature Selection Problem: Traditional Methods and a New Algorithm},
  booktitle = {Proceedings of the 10th National Conference on Artificial Intelligence},
  year      = {1992},
  pages     = {129-134},
}

@INPROCEEDINGS{ewald10,
author={R. Ewald and R. Schulz and A. M. Uhrmacher},
booktitle={IEEE Workshop on Principles of Advanced and Distributed Simulation (PADS)}, 
title={Selecting Simulation Algorithm Portfolios by Genetic Algorithms},
year={2010},
month=may,
pages={1-9},
}

@inproceedings{himmelspach09,
 author = {S. Rybacki and J. Himmelspach and A. M. Uhrmacher},
 title = {Experiments with Single Core, Multi-core, and GPU Based Computation of Cellular Automata},
 booktitle = {Proceedings of the 2009 First International Conference on Advances in System Simulation},
 year = {2009},
 pages = {62-67},
 numpages = {6},
 publisher = {IEEE Computer Society},
} 

@article{brelaz79,
 author = {D. Br\'{e}laz},
 title = {New methods to color the vertices of a graph},
 journal = {Communications of the ACM},
 volume = {22},
 issue = {4},
 month = {April},
 year = {1979},
 pages = {251-256},
 numpages = {6},
} 




